@article{Demsar2016BalancedMixture,
    title = {{A Balanced Mixture of Antagonistic Pressures Promotes the Evolution of Parallel Movement}},
    year = {2016},
    journal = {Scientific Reports},
    author = {Dem{\v{s}}ar, Jure and {\v{S}}trumbelj, Erik and Lebar Bajec, Iztok},
    volume = {6},
    doi = {10.1038/srep39428}
}

@article{Demsar2017LinguisticEvolution,
    title = {{Evolution of Collective Behaviour in an Artificial World Using Linguistic Fuzzy Rule-Based Systems}},
    year = {2017},
    journal = {PLoS ONE},
    author = {Dem{\v{s}}ar, Jure and Lebar Bajec, Iztok},
    number = {1},
    pages = {1--20},
    volume = {12},
    doi = {10.1371/journal.pone.0168876}
}


@misc{cercola2025automatinglooptrafficincident,
      title={Automating the loop in traffic incident management on highway}, 
      author={Matteo Cercola and Nicola Gatti and Pedro Huertas Leyva and Benedetto Carambia and Simone Formentin},
      year={2025},
      eprint={2503.12085},
      archivePrefix={arXiv},
      primaryClass={cs.AI},
      url={https://arxiv.org/abs/2503.12085}, 
}

@misc{vreš2024generativemodellessresourcedlanguage,
      title={Generative Model for Less-Resourced Language with 1 billion parameters}, 
      author={Domen Vreš and Martin Božič and Aljaž Potočnik and Tomaž Martinčič and Marko Robnik-Šikonja},
      year={2024},
      eprint={2410.06898},
      archivePrefix={arXiv},
      primaryClass={cs.CL},
      url={https://arxiv.org/abs/2410.06898}, 
}

@misc{zhu2024multilingualmachinetranslationlarge,
      title={Multilingual Machine Translation with Large Language Models: Empirical Results and Analysis}, 
      author={Wenhao Zhu and Hongyi Liu and Qingxiu Dong and Jingjing Xu and Shujian Huang and Lingpeng Kong and Jiajun Chen and Lei Li},
      year={2024},
      eprint={2304.04675},
      archivePrefix={arXiv},
      primaryClass={cs.CL},
      url={https://arxiv.org/abs/2304.04675}, 
}

@misc{pelofske2024automatedmultilanguageenglishmachine,
      title={Automated Multi-Language to English Machine Translation Using Generative Pre-Trained Transformers}, 
      author={Elijah Pelofske and Vincent Urias and Lorie M. Liebrock},
      year={2024},
      eprint={2404.14680},
      archivePrefix={arXiv},
      primaryClass={cs.CL},
      url={https://arxiv.org/abs/2404.14680}, 
}

@article{articleRTTRS,
author = {Wan, Xiangpeng and Lucic, Michael and Ghazzai, Hakim and Massoud, Yehia},
year = {2020},
month = {01},
pages = {159-175},
title = {Empowering Real-Time Traffic Reporting Systems With NLP-Processed Social Media Data},
volume = {1},
journal = {IEEE Open Journal of Intelligent Transportation Systems},
doi = {10.1109/OJITS.2020.3024245}
}

@misc{j2024finetuningllmenterprise,
      title={Fine Tuning LLM for Enterprise: Practical Guidelines and Recommendations}, 
      author={Mathav Raj J and Kushala VM and Harikrishna Warrier and Yogesh Gupta},
      year={2024},
      eprint={2404.10779},
      archivePrefix={arXiv},
      primaryClass={cs.SE},
      url={https://arxiv.org/abs/2404.10779}, 
}